%% This BibTeX bibliography file was created using BibDesk.
%% http://bibdesk.sourceforge.net/


%% Created for Axel Alejandro Garc√≠a Fuentes at 2015-05-28 23:28:32 -0500 


%% Saved with string encoding Unicode (UTF-8) 



@webpage{bbc07:2012,
	Author = {Daniel Nasaw},
	Date-Added = {2015-05-29 04:06:31 +0000},
	Date-Modified = {2015-05-29 04:07:47 +0000},
	Keywords = {bot},
	Lastchecked = {2015/05/28},
	Month = {July},
	Url = {http://www.bbc.com/news/magazine-18892510},
	Year = {2012}}

@techreport{abu:2006,
	Annote = {, Andreas Terzis},
	Author = {Moheeb Abu Rajab, Jay Zarfoss,Fabian Monrose},
	Date-Added = {2015-05-21 03:38:03 +0000},
	Date-Modified = {2015-05-29 04:25:12 +0000},
	Institution = {Computer Science Department, Johns Hopkins University},
	Title = {A Multifaceted Approach to Understanding the Botnet Phenomenon},
	Year = {2006},
	Bdsk-File-1 = {YnBsaXN0MDDUAQIDBAUGJCVYJHZlcnNpb25YJG9iamVjdHNZJGFyY2hpdmVyVCR0b3ASAAGGoKgHCBMUFRYaIVUkbnVsbNMJCgsMDxJXTlMua2V5c1pOUy5vYmplY3RzViRjbGFzc6INDoACgAOiEBGABIAFgAdccmVsYXRpdmVQYXRoWWFsaWFzRGF0YV8QIXBhcGVycy9SYWphYjIwMDZfbXVsdGlmYWNldGVkLnBkZtIXCxgZV05TLmRhdGFPEQIOAAAAAAIOAAIAAAZNYWMgSEQAAAAAAAAAAAAAAAAAAAAAAAAAAADM+yBZSCsAAADt6P4aUmFqYWIyMDA2X211bHRpZmFjZXRlZC5wZGYAAAAAAAAAAAAAAAAAAAAAAAAAAAAAAAAAAAAAAAAAAAAAAAAAAPSJS9GNVB0AAAAAAAAAAAABAAMAAAkgAAAAAAAAAAAAAAAAAAAABnBhcGVycwAQAAgAAMz7dLkAAAARAAgAANGNmm0AAAABACAA7ej+AOH2BADTCMIAMKlLAAtFPwALRRkABQNBAAIQNgACAG1NYWMgSEQ6VXNlcnM6AGF4ZWxnOgBHb29nbGUgRHJpdmU6AE1DQ3M6AFRpdHVsYWNpl246AFRlc2lzOgBhcnRpY2xlMjAxNV8yOgBwYXBlcnM6AFJhamFiMjAwNl9tdWx0aWZhY2V0ZWQucGRmAAAOADYAGgBSAGEAagBhAGIAMgAwADAANgBfAG0AdQBsAHQAaQBmAGEAYwBlAHQAZQBkAC4AcABkAGYADwAOAAYATQBhAGMAIABIAEQAEgBgVXNlcnMvYXhlbGcvR29vZ2xlIERyaXZlL01DQ3MvVGl0dWxhY2lvzIFuL1Rlc2lzL2FydGljbGUyMDE1XzIvcGFwZXJzL1JhamFiMjAwNl9tdWx0aWZhY2V0ZWQucGRmABMAAS8AABUAAgAM//8AAIAG0hscHR5aJGNsYXNzbmFtZVgkY2xhc3Nlc11OU011dGFibGVEYXRhox0fIFZOU0RhdGFYTlNPYmplY3TSGxwiI1xOU0RpY3Rpb25hcnmiIiBfEA9OU0tleWVkQXJjaGl2ZXLRJidUcm9vdIABAAgAEQAaACMALQAyADcAQABGAE0AVQBgAGcAagBsAG4AcQBzAHUAdwCEAI4AsgC3AL8C0QLTAtgC4wLsAvoC/gMFAw4DEwMgAyMDNQM4Az0AAAAAAAACAQAAAAAAAAAoAAAAAAAAAAAAAAAAAAADPw==}}

@webpage{wtalk:2014,
	Author = {Wikipedia},
	Date-Added = {2015-05-07 03:26:12 +0000},
	Date-Modified = {2015-05-29 04:19:06 +0000},
	Keywords = {bot, wikipedia, create},
	Lastchecked = {May/05/2015},
	Month = {September},
	Title = {Wikipedia talk:Creating a bot},
	Url = {http://en.wikipedia.org/wiki/Wikipedia_talk:Creating_a_bot},
	Urldate = {Sep/03/2014},
	Year = {2014},
	Bdsk-Url-1 = {http://en.wikipedia.org/wiki/Wikipedia_talk:Creating_a_bot}}

@webpage{emerging:2014,
	Author = {technologyreview.com},
	Date-Added = {2015-05-07 03:10:10 +0000},
	Date-Modified = {2015-05-29 04:18:34 +0000},
	Keywords = {bot, Twitter},
	Lastchecked = {May/05/2015},
	Month = {July},
	Title = {How to Spot a Social Bot on Twitter},
	Url = {http://www.technologyreview.com/view/529461/how-to-spot-a-social-bot-on-twitter/},
	Urldate = {July/28/2014},
	Year = {2014},
	Bdsk-Url-1 = {http://www.technologyreview.com/view/529461/how-to-spot-a-social-bot-on-twitter/}}

@webpage{wikiList:2014,
	Author = {wikipedia.org},
	Date-Added = {2015-05-01 12:37:15 +0000},
	Date-Modified = {2015-05-29 04:28:07 +0000},
	Keywords = {wikipedia, bot, list},
	Lastchecked = {May/01/2015},
	Month = {June},
	Title = {Wikipedia:Bots/Status},
	Url = {http://en.wikipedia.org/wiki/Wikipedia:Bots/Status},
	Year = {2014},
	Bdsk-Url-1 = {http://en.wikipedia.org/wiki/Wikipedia:Bots/Status}}

@webpage{wikiWriter:2014,
	Date-Added = {2015-05-01 12:27:32 +0000},
	Date-Modified = {2015-05-01 12:30:32 +0000},
	Keywords = {bot, 10000, wikipedia},
	Lastchecked = {May/01/15},
	Month = {July},
	Url = {http://news.discovery.com/tech/robotics/wikipedia-bot-writes-10000-articles-a-day-140715.htm},
	Year = {2014},
	Bdsk-Url-1 = {http://news.discovery.com/tech/robotics/wikipedia-bot-writes-10000-articles-a-day-140715.htm}}

@techreport{ferrara:2015,
	Annote = {, Filippo Menczer, Alessandro Flammini},
	Author = {Emilio Ferrara, Onur Varol, Clayton Davis},
	Date-Added = {2015-04-29 03:11:12 +0000},
	Date-Modified = {2015-05-29 04:26:20 +0000},
	Institution = {Indiana University},
	Title = {The Rise of Social Bots},
	Year = {2015}}

@webpage{guld:2013,
	Author = {Lennart Guldbrandsson},
	Date-Added = {2015-04-29 03:02:36 +0000},
	Date-Modified = {2015-05-29 04:17:57 +0000},
	Keywords = {bot},
	Lastchecked = {April 28th, 2015},
	Month = {June},
	Title = {Swedish Wikipedia surpasses 1 million articles with aid of article creation bot},
	Url = {http://blog.wikimedia.org/2013/06/17/swedish-wikipedia-1-million-articles/},
	Urldate = {June 17th, 2013},
	Year = {2013}}

@unpublished{kuhn:2015,
	Author = {Tobias Kuhn},
	Date-Added = {2015-04-29 02:37:44 +0000},
	Date-Modified = {2015-04-29 02:39:34 +0000},
	Keywords = {autonomous agent, bot, nanopublication, scholarly commu- nication, semantic publishing},
	Month = {March},
	Note = {Department of Humanities, Social and Political Sciences, ETH Zurich, Switzerland},
	Title = {Science Bots: a Model for the Future of Scientific Computation?},
	Year = {2015}}

@url{IFAI:2014,
	Author = {Instituto Federal de Acceso a la Informaci{\'o}n},
	Date-Added = {2015-02-06 03:14:41 +0000},
	Date-Modified = {2015-02-10 04:37:17 +0000},
	Lastchecked = {12/19/2014},
	Month = {12},
	Title = {Sistema Infomex Gobierno Federal},
	Url = {https://www.infomex.org.mx/gobiernofederal/home.action},
	Year = {2014},
	Bdsk-Url-1 = {https://www.infomex.org.mx/gobiernofederal/home.action}}

@webpage{infomex:2014,
	Date-Added = {2014-12-20 04:31:09 +0000},
	Date-Modified = {2014-12-20 04:32:01 +0000},
	Lastchecked = {12/19/2014},
	Month = {12},
	Url = {https://www.infomex.org.mx/gobiernofederal/home.action},
	Year = {2014},
	Bdsk-Url-1 = {https://www.infomex.org.mx/gobiernofederal/home.action}}

@webpage{googlesw:2014,
	Date-Added = {2014-12-20 03:33:55 +0000},
	Date-Modified = {2014-12-20 03:35:51 +0000},
	Lastchecked = {12/19/2014},
	Month = {12},
	Url = {https://code.google.com/p/stop-words/},
	Year = {2014},
	Bdsk-Url-1 = {https://code.google.com/p/stop-words/}}
